@BOOK{Levy,
	title = {{S}ampling of {P}opulations: {M}ethods and {A}pplications},
	publisher = {Wiley Inter-Science},
	author = {Levy, P.~S. and Lemeshow, S.},
	year = {1999},
	edition = {3rd},
}
